@article{KW14,
  title={A Bayes consistent 1-NN classifier},
  author={Kontorovich, Aryeh and Weiss, Roi},
  journal={arXiv preprint arXiv:1407.0208},
  year={2014}
}

@article{GKK13,
  title={Efficient classification for metric data},
  author={Gottlieb, Lee-Ad and Kontorovich, Aryeh and Krauthgamer, Robert},
  journal={arXiv preprint arXiv:1306.2547},
  year={2013}
}
